<?xml version="1.0" encoding="UTF-8"?><collection xmlns="http://www.loc.gov/MARC21/slim"><record><leader>00462nam--2200181-u-4500</leader><controlfield tag="001">000052403</controlfield><controlfield tag="002">20161230</controlfield><controlfield tag="005">20161230201050</controlfield><controlfield tag="008">100707s1000------------r-----000-0-rus-d</controlfield><datafield ind1=" " ind2=" " tag="040"><subfield code="a">IFIN-HH</subfield></datafield><datafield ind1=" " ind2=" " tag="041"><subfield code="a">rus</subfield></datafield><datafield ind1=" " ind2=" " tag="080"><subfield code="a">531.43:538.951</subfield></datafield><datafield ind1=" " ind2=" " tag="110"><subfield code="a">Naucinii sovet po trenio i smazkam an SSSR</subfield></datafield><datafield ind1="1" ind2=" " tag="245"><subfield code="a">O prirode treniia tverdikh tel</subfield></datafield><datafield ind1=" " ind2=" " tag="260"><subfield code="a">Minsk</subfield><subfield code="b">Nauka i tehnika</subfield><subfield code="c">1971</subfield></datafield><datafield ind1=" " ind2=" " tag="300"><subfield code="a">472 p</subfield></datafield><datafield ind1=" " ind2=" " tag="852"><subfield code="a">75156</subfield><subfield code="c">531</subfield></datafield><datafield ind1=" " ind2=" " tag="CAT"><subfield code="a">Sys</subfield><subfield code="c">20100707</subfield><subfield code="h">095959</subfield></datafield></record></collection>